<?xml version="1.0" encoding="UTF-8"?><record xmlns="http://www.loc.gov/MARC21/slim" xmlns:cinclude="http://apache.org/cocoon/include/1.0" xmlns:zs="http://www.loc.gov/zing/srw/">
  <leader>00760cz  a2200133n  4500</leader>
  <controlfield tag="001">n  89628049 </controlfield>
  <controlfield tag="003">DLC</controlfield>
  <controlfield tag="005">20120807083902.0</controlfield>
  <controlfield tag="008">890508n| acannaab           |n and      </controlfield>
  <datafield tag="010" ind1=" " ind2=" ">
    <subfield code="a">n  89628049 </subfield>
  </datafield>
  <datafield tag="040" ind1=" " ind2=" ">
    <subfield code="a">DLC</subfield>
    <subfield code="b">eng</subfield>
    <subfield code="c">DLC</subfield>
    <subfield code="d">DLC</subfield>
  </datafield>
  <datafield tag="110" ind1="2" ind2=" ">
    <subfield code="a">Swedish Society of Nephrology.</subfield>
    <subfield code="b">Meeting</subfield>
    <subfield code="d">(1984 :</subfield>
    <subfield code="c">Göteborg, Sweden)</subfield>
  </datafield>
  <datafield tag="667" ind1=" " ind2=" ">
    <subfield code="a">THIS 1XX FIELD CANNOT BE USED UNDER RDA UNTIL THIS RECORD HAS BEEN REVIEWED AND/OR UPDATED</subfield>
  </datafield>
  <datafield tag="670" ind1=" " ind2=" ">
    <subfield code="a">nuc89-48590: Scandinavian Symposium of the Physiology and Clinical Use of ACE Inhibitors (1984 : Göteborg, Sweden). Scandinavian Symposium on the ... 1984</subfield>
    <subfield code="b">(hdg. on CU rept.: Swedish Society of Nephrology. Meeting (1984 : Göteborg, Sweden); usage: annual meeting of the Swedish Society of Nephrology, 10 May 1984, Göteborg, Sweden)</subfield>
  </datafield>
</record>